<record><leader>00000cas a2200000 a 4500</leader><controlfield tag="001">11284814</controlfield><controlfield tag="008">841019d18501872iluwr ne      0   a0eng c</controlfield><datafield ind1=" " ind2=" " tag="010"><subfield code="a">sn 84038367 </subfield></datafield><datafield ind1=" " ind2=" " tag="040"><subfield code="a">NPX</subfield><subfield code="b">eng</subfield><subfield code="c">NPX</subfield><subfield code="d">NPU</subfield><subfield code="d">NVF</subfield><subfield code="d">MGN</subfield><subfield code="d">OCL</subfield><subfield code="d">NVF</subfield><subfield code="d">OCLCQ</subfield><subfield code="d">NVF</subfield><subfield code="d">OCLCO</subfield><subfield code="d">AQM</subfield><subfield code="d">OCLCF</subfield></datafield><datafield ind1=" " ind2=" " tag="019"><subfield code="a">210611030</subfield></datafield><datafield ind1="1" ind2=" " tag="029"><subfield code="a">AU@</subfield><subfield code="b">000020232871</subfield></datafield><datafield ind1=" " ind2=" " tag="042"><subfield code="a">pcc</subfield></datafield><datafield ind1=" " ind2=" " tag="043"><subfield code="a">n-us-il</subfield></datafield><datafield ind1="0" ind2=" " tag="130"><subfield code="a">Canton weekly register (Canton, Ill. : 1850)</subfield></datafield><datafield ind1="1" ind2="0" tag="245"><subfield code="a">Canton weekly register.</subfield></datafield><datafield ind1="1" ind2="0" tag="246"><subfield code="a">Canton register</subfield></datafield><datafield ind1=" " ind2=" " tag="260"><subfield code="a">Canton, Ill. :</subfield><subfield code="b">Davison &amp; Walker</subfield></datafield><datafield ind1="3" ind2=" " tag="260"><subfield code="3">&lt;1856&gt;</subfield><subfield code="a">Canton, Ill. :</subfield><subfield code="b">Davison &amp; Nicolet</subfield></datafield><datafield ind1=" " ind2=" " tag="300"><subfield code="a">v.</subfield></datafield><datafield ind1=" " ind2=" " tag="310"><subfield code="a">Weekly</subfield></datafield><datafield ind1="1" ind2=" " tag="362"><subfield code="a">Began in 1850?</subfield></datafield><datafield ind1="0" ind2=" " tag="362"><subfield code="a">-v. 23, no. 52 (Oct. 25, 1872).</subfield></datafield><datafield ind1=" " ind2=" " tag="515"><subfield code="a">Suspended Aug. 12, 1862; resumed Oct. 21, 1862.</subfield></datafield><datafield ind1=" " ind2=" " tag="588"><subfield code="a">Description based on: Vol. 3, no. 19 (Jan. 17, 1852).</subfield></datafield><datafield ind1=" " ind2="0" tag="651"><subfield code="a">Canton (Ill.)</subfield><subfield code="v">Newspapers.</subfield></datafield><datafield ind1=" " ind2="7" tag="655"><subfield code="a">Agricultural newspapers.</subfield><subfield code="2">ngl</subfield></datafield><datafield ind1=" " ind2="4" tag="655"><subfield code="a">Mechanics' newspapers.</subfield></datafield><datafield ind1=" " ind2="7" tag="655"><subfield code="a">Newspapers.</subfield><subfield code="2">fast</subfield><subfield code="0">(OCoLC)fst01423814</subfield></datafield><datafield ind1=" " ind2="7" tag="651"><subfield code="a">Illinois</subfield><subfield code="z">Canton.</subfield><subfield code="2">fast</subfield><subfield code="0">(OCoLC)fst01232869</subfield></datafield><datafield ind1=" " ind2=" " tag="752"><subfield code="a">United States</subfield><subfield code="b">Illinois</subfield><subfield code="c">Fulton</subfield><subfield code="d">Canton.</subfield></datafield><datafield ind1="0" ind2="0" tag="780"><subfield code="t">Canton register (Canton, Ill. : 1849)</subfield><subfield code="w">(DLC)sn 93055722</subfield><subfield code="w">(OCoLC)28364151</subfield></datafield><datafield ind1="0" ind2="0" tag="785"><subfield code="t">Canton register (Canton, Ill. : 1872)</subfield><subfield code="w">(DLC)sn 85033474</subfield><subfield code="w">(OCoLC)11986624</subfield></datafield></record>